@ONLINE{TIOBE:2014:ONLINE,
	author		= {TIOBE Software},
	title		= {This is a test entry of type {@ONLINE}},
	month		= jun,
	year		= {2014},
	url			= {http://www.tiobe.com/index.php/content/paperinfo/tpci/index.html}
}
@ONLINE{Kunst:2014:ONLINE,
	author		= {Kunst, Gerber},
	title		= {Programming Language Popularity Chart},
	month		= jun,
	year		= {2014},
	url			= {http://langpop.corger.nl/}
}
@ONLINE{LangPop:2014:ONLINE,
	author		= {LangPop.com},
	title		= {Programming Language Popularity},
	month		= oct,
	year		= {2013},
	url			= {http://langpop.com/}
}
@ONLINE{Carbonelle:2014:ONLINE,
	author		= {Carbonelle, Pierre},
	title		= {PYPL PopularitY of Programming Language index},
	month		= jun,
	year		= {2014},
	url			= {https://sites.google.com/site/pydatalog/pypl/PyPL-PopularitY-of-Programming-Language}
}
@ONLINE{Montmollin:2013:ONLINE,
	author		= {Montmollin, Gautier de},
	title		= {The Transparent Language Popularity Index},
	month		= jul,
	year		= {2013},
	url			= {http://lang-index.sourceforge.net/}
}
@BOOK{Stephens:2008:BOOK,
	author		= {Stephens, David},
	title		= {What On Earth is a Mainframe?},
	publisher	= {Longpela Expertise},
	month		= oct,
	year		= {2008}
}
@BOOK{Elliot:2008:BOOK,
	author		= {Elliott, Margaret S. y Kraemer, Kenneth L.},
	title		= {Computerization Movements and Technology Diffusion: From Mainframes to Ubiquitous Computing},
	publisher	= {American Society for Information Science and Technology},
	series		= {ASIS\&T monograph series},
	address		= {Information Today Inc. 143 Old Merlton Pike, Medford, New Jersey},
	year		= {2008}
}
@BOOK{Allan:2001:BOOK,
	author		= {Allan, Roy A.},
	title		= {A history of the personal computer: the people and the technology},
	publisher	= {Allan Publishing},
	address		= {London, Ontario, Canada},
	year		= {2001},
	url			= {http://www.retrocomputing.net/info/allan/}
}
@BOOK{Hunter:2001:BOOK,
	author		= {Hunter, Jason and Crawford, William},
	title		= {Java Servlet Programming},
	publisher	= {O'Reilly},
	series		= {The Java Series},
	address		= {Sebastopol, CA, United States of America},
	month		= apr,
	year		= {2001},
}
@BOOK{David:2013:BOOK,
	author		= {David, Matthew},
	title		= {HTML5: Designing Rich Internet Applications},
	publisher	= {Focal Press},
	address		= {New York; London},
	year		= {2013},
}
@BOOK{Clarke:2009:BOOK,
	author		= {Clarke, Jim; Connors, Jim; Bruno, Eric J.},
	title		= {JavaFX: Developing Rich Internet Applications},
	publisher	= {Addison Wesley Proffessional},
	address		= {Santa Clara, California, United States of merica},
	year		= {2009},
}
@ARTICLE{Duncan:1996:ARTICLE,
	doi			= {10.1002/(sici)1096-908x(199609)8:5<321::aid-smr135>3.0.co;2-4},
	title		= {Converting From Mainframe to Client/Server at Telogy Inc.},
	author		= {Duncan, Doris G. and Lele, Sateesh B.},
	journal		= {Journal of Software: Evolution and Process},
	issnp		= {2047-7481},
	year		= {1996},
	volume		= {8},
	issue		= {5},
	page		= {321--344},
	url			= {http://libgen.org/scimag/index.php?s=10.1002/(sici)1096-908x(199609)8:5<321::aid-smr135>3.0.co;2-4},
}