@ARTICLE{Duncan:1996:ARTICLE,
	author		= {Doris G. Duncan and Sateesh B. Lele},
	title		= {Converting From Mainframe to Client/Server at Telogy Inc.},
	journal		= {Journal of Software: Evolution and Process},
	issnp		= {2047-7481},
	year		= {1996},
	volume		= {8},
	issue		= {5},
	page		= {321--344},
	url			= {http://libgen.org/scimag/index.php?s=10.1002/(sici)1096-908x(199609)8:5<321::aid-smr135>3.0.co;2-4},
	doi			= {10.1002/(sici)1096-908x(199609)8:5<321::aid-smr135>3.0.co;2-4}
}
@BOOK{Alexander:2013:BOOK,
	author		= {Alvin Alexander},
	title		= {Scala Cookbook},
	publisher	= {O'Reilly Media},
	address		= {Sebastopol, CA, United States of America},
	month		= aug,
	year		= {2013}
}
@BOOK{Allan:2001:BOOK,
	author		= {Roy A. Allan},
	title		= {A history of the personal computer: the people and the technology},
	publisher	= {Allan Publishing},
	address		= {London, Ontario, Canada},
	year		= {2001},
	url			= {http://www.retrocomputing.net/info/allan/}
}
@BOOK{Barish:2002:BOOK,
	author		= {Greg Baarish},
	title		= {Building Scalable and High-performance Java Web Applications using J2EE Technology},
	publisher	= {Pearson Education},
	address		= {Indianapolis, Indiana},
	year		= {2002}
}
@BOOK{Clarke:2009:BOOK,
	author		= {Jim Clarke and Jim Connors and Eric J. Bruno},
	title		= {JavaFX: Developing Rich Internet Applications},
	publisher	= {Addison Wesley Proffessional},
	address		= {Santa Clara, California},
	year		= {2009},
}
@BOOK{David:2013:BOOK,
	author		= {Matthew David},
	title		= {HTML5: Designing Rich Internet Applications},
	publisher	= {Focal Press},
	address		= {New York; London},
	year		= {2013}
}
@BOOK{Davis:2014:BOOK,
	author		= {Adam L. Davis},
	title		= {Modern Java: Java 7 and Polyglot Programming on the JVM},
	publisher	= {Leanpub},
	year		= {2014}
}
@BOOK{Downing:1997:BOOK,
	author		= {Troy Downing and Jon Meyer},
	title		= {Java Virtual Machine},
	publisher	= {O'Reilly Media},
	address		= {Sebastopol, CA, United States of America},
	month		= apr,
	year		= {1997}
}
@BOOK{Elliot:2008:BOOK,
	author		= {Margaret S. Elliott and Kenneth L. Kraemer},
	title		= {Computerization Movements and Technology Diffusion: From Mainframes to Ubiquitous Computing},
	publisher	= {American Society for Information Science and Technology},
	series		= {ASIS\&T monograph series},
	address		= {Information Today Inc. 143 Old Merlton Pike, Medford, New Jersey},
	year		= {2008}
}
@BOOK{Franko:2013:BOOK,
	author		= {Greg Franko},
	title		= {Dependency Management with RequireJS How-to},
	publisher	= {Packt Publishing},
	address		= {35 Livery Street, Birmingham, UK},
	month		= may,
	year		= {2013},
}
@BOOK{Larman:2010:BOOK,
	author		= {Craig Larman and Bas Vodde},
	title		= {Practices for Scaling Lean \& Agile Development: Large, Multisite, and Offshore Product Development with Large-Scale Scrum},
	publisher	= {Pearson Education, Inc},
	series		= {The Java Series},
	address		= {Boston, MA, United States of America},
	month		= jan,
	year		= {2010},
}
@BOOK{Hunter:2001:BOOK,
	author		= {Jason Hunter and William Crawford},
	title		= {Java Servlet Programming},
	publisher	= {O'Reilly Media},
	series		= {The Java Series},
	address		= {Sebastopol, CA, United States of America},
	month		= apr,
	year		= {2001},
}
@BOOK{Sonatype:2008:BOOK,
	author		= {Sonatype},
	title		= {Maven: The Definitive Guide},
	publisher	= {O'Reilly Media},
	address		= {Sebastopol, CA, United States of America},
	month		= aug,
	year		= {2008}
}
@BOOK{Stephens:2008:BOOK,
	author		= {David Stephens},
	title		= {What On Earth is a Mainframe?},
	publisher	= {Longpela Expertise},
	month		= oct,
	year		= {2008}
}



@ONLINE{Carbonelle:2014:ONLINE,
	author		= {Pierre Carbonelle},
	title		= {PYPL PopularitY of Programming Language index},
	month		= jun,
	year		= {2014},
	url			= {https://sites.google.com/site/pydatalog/pypl/PyPL-PopularitY-of-Programming-Language}
}
@ONLINE{Kunst:2014:ONLINE,
	author		= {Gerber Kunst},
	title		= {Programming Language Popularity Chart},
	month		= jun,
	year		= {2014},
	url			= {http://langpop.corger.nl/}
}
@ONLINE{LangPop:2014:ONLINE,
	author		= {LangPop.com},
	title		= {Programming Language Popularity},
	month		= oct,
	year		= {2013},
	url			= {http://langpop.com/}
}
@ONLINE{MacVittie:2008:ONLINE,
	author		= {Lori MacVittie},
	title		= {The New Distribution of The 3-Tiered Architecture Changes Everything},
	month		= jul,
	year		= {2008},
	url			= {https://devcentral.f5.com/articles/the-new-distribution-of-the-3-tiered-architecture-changes-everything}
}
@ONLINE{Montmollin:2013:ONLINE,
	author		= {Gautier de Montmollin},
	title		= {The Transparent Language Popularity Index},
	month		= jul,
	year		= {2013},
	url			= {http://lang-index.sourceforge.net/}
}
@ONLINE{TIOBE:2014:ONLINE,
	author		= {TIOBE Software},
	title		= {TIOBE Index for June 2014},
	month		= jun,
	year		= {2014},
	url			= {http://www.tiobe.com/index.php/content/paperinfo/tpci/index.html}
}
@ONLINE{Wikipedia:2012:ONLINE,
	author		= {Wikipedia},
	title		= {List of Java Virtual Machines},
	month		= apr,
	year		= {2012},
	url			= {https://en.wikipedia.org/wiki/List_of_Java_virtual_machines}
}
@ONLINE{Wikipedia:2014:ONLINE,
	author		= {Wikipedia},
	title		= {List of JVM Languages},
	month		= sep,
	year		= {2014},
	url			= {http://en.wikipedia.org/wiki/List_of_JVM_languages}
}
@ONLINE{GoogleCDN:ONLINE,
	author		= {Google},
	title		= {Google Hosted Libraries},
	url			= {https://developers.google.com/speed/libraries/}
}
@ONLINE{MicrosoftCDN:ONLINE,
	author		= {Microsoft},
	title		= {Microsoft Ajax Content Delivery Network},
	url			= {http://www.asp.net/ajaxlibrary/cdn.ashx}
}
@ONLINE{jsDelivrCDN:ONLINE,
	author		= {jsDelivr},
	title		= {jsDelivr: A free super-fast CDN for developers and webmasters},
	url			= {http://www.jsdelivr.com/}
}
@ONLINE{CDNjs:ONLINE,
	author		= {CDN.js},
	title		= {CDN.js: The missing CDN for JavaScript and CSS},
	url			= {http://cdnjs.com/}
}
@ONLINE{Bower:ONLINE,
	author		= {Bower by Twitter},
	title		= {Bower: A package manager for the web},
	year		= {2014},
	url			= {http://bower.io/}
}
